{
  "leader": "00793nam a2200205Ii 4500",
  "fields": [
    {
      "001": "bslw09818881"
    },
    {
      "003": "UtOrBLW"
    },
    {
      "005": "20211103150742.0"
    },
    {
      "008": "211103s1961\\\\\\\\fr\\ad\\\\\\\\\\\\\\\\\\000\\0\\fre\\u"
    },
    {
      "040": {
        "ind1": "\\",
        "ind2": "\\",
        "subfields": [
          {
            "a": "UtOrBLW"
          },
          {
            "b": "eng"
          },
          {
            "e": "rda"
          },
          {
            "c": "UtOrBLW"
          }
        ]
      }
    },
    {
      "082": {
        "ind1": "0",
        "ind2": "4",
        "subfields": [
          {
            "a": "612.8"
          },
          {
            "b": "ACT"
          }
        ]
      }
    },
    {
      "245": {
        "ind1": "0",
        "ind2": "0",
        "subfields": [
          {
            "a": "Actualite\u0301s neurophysiologiques."
          },
          {
            "n": "Troisie\u0300me se\u0301rie /"
          },
          {
            "c": "publie\u0301es sous la direction de A.M. Monnier (professeur de physiologie ge\u0301ne\u0301rale a\u0300 la Sorbonne)."
          }
        ]
      }
    },
    {
      "264": {
        "ind1": "\\",
        "ind2": "1",
        "subfields": [
          {
            "a": "Paris :"
          },
          {
            "b": "Libraires de l'Acade\u0301mie de Me\u0301decine,"
          },
          {
            "c": "1961."
          }
        ]
      }
    },
    {
      "300": {
        "ind1": "\\",
        "ind2": "\\",
        "subfields": [
          {
            "a": "viii, 369 pages :"
          },
          {
            "b": "illustrations, charts ;"
          },
          {
            "c": "25 cm"
          }
        ]
      }
    },
    {
      "336": {
        "ind1": "\\",
        "ind2": "\\",
        "subfields": [
          {
            "a": "text"
          },
          {
            "b": "txt"
          },
          {
            "2": "rdacontent"
          }
        ]
      }
    },
    {
      "337": {
        "ind1": "\\",
        "ind2": "\\",
        "subfields": [
          {
            "a": "unmediated"
          },
          {
            "b": "n"
          },
          {
            "2": "rdamedia"
          }
        ]
      }
    },
    {
      "338": {
        "ind1": "\\",
        "ind2": "\\",
        "subfields": [
          {
            "a": "volume"
          },
          {
            "b": "nc"
          },
          {
            "2": "rdacarrier"
          }
        ]
      }
    },
    {
      "650": {
        "ind1": "\\",
        "ind2": "0",
        "subfields": [
          {
            "a": "Neurophysiology."
          }
        ]
      }
    },
    {
      "700": {
        "ind1": "1",
        "ind2": "\\",
        "subfields": [
          {
            "a": "Monnier, A. M."
          },
          {
            "q": "(Alexandre Marcel),"
          },
          {
            "d": "1904-1986,"
          },
          {
            "e": "editor."
          }
        ]
      }
    },
    {
      "999": {
        "ind1": "\\",
        "ind2": "\\",
        "subfields": [
          {
            "a": "00000000012356"
          }
        ]
      }
    }
  ]
}